@article{Feret_IJSI2013,
 author = "Jerome Feret and Heinz Koeppl and Tatjana Petrov",
 title = "Stochastic Fragments: A Framework for the Exact Reduction of the Stochastic Semantics of Rule-Based Models",
 journal = "IJSI",
 volume = "7",
 number = "4",
 year = "2013"}

 @article{DBLP:journals/tcs/DanosL04,
   author    = {Vincent Danos and
                Cosimo Laneve},
   title     = {Formal molecular biology},
   journal   = {TCS},
   volume    = {325},
   number    = {1},
   year      = {2004},
   }

   @article{DBLP:journals/mscs/DanosHW13,
  author    = {Vincent Danos and
               Russell Harmer and
               Glynn Winskel},
  title     = {Constraining rule-based dynamics with types},
  journal   = {MSCS},
  volume    = {23},
  number    = {2},
  year      = {2013},
  }

@InProceedings{Camporesi:CMSB2013,
title = "Context-sensitive flow analyses: a hierarchy of model reductions.",
booktitle = "Proc.~CMSB'13",
series = "LNCS",
number = "8130",
publisher = "Springer",
year = "2013",
editor = "A. Gupta and T.A. Henzinger",
author = "Ferdinanda Camporesi and  Jerome Feret and Jonathan Hayman",
}

@InBook{binomial,
author = "John J. O'Connor and Edmund F. Robertson ",
title = "Abu Bekr ibn Muhammad ibn al-Husayn Al-Karaji",
series = "MacTutor History of Mathematics archive",
publisher= "University of St Andrews",}

@Misc{HDR,
author = {J\'er\^ome Feret},
title = {Abstract interpretations of rule-based models},
note = {Habilitation, in preparation},
}

@inProceedings{DanosEtAl-LICS2010,
   author =    {Vincent Danos and J\'er\^ome Feret and Walter Fontana and Russell Harmer and Jean Krivine},
   title =     {Abstracting the differential semantics of rule-based models: exact and automated model reduction},
   booktitle = {Proc.~LICS'10},
   series = {IEEE},
   editor = {{Jean-Pierre} Jouannaud},
   publisher = {IEEE Computer Society},
   year =      {2010},
}

@inProceedings{DanosEtAl-APLAS07,
   author =    {V.\ Danos and J.\ Feret and W.\ Fontana and J.\ Krivine},
   title =     {Scalable Simulation of Cellular Signaling Networks, invited paper},
   editor =    {Z.\ Shao},
   booktitle = {Proc.~APLAS'07},
   series =    {LNCS},
   volume =    {4807},
   publisher = {Springer},
   year =      {2007},
}

@inproceedings{DBLP:conf/esop/BoutillierEK17,
  author    = {Pierre Boutillier and
               Thomas Ehrhard and
               Jean Krivine},
  title     = {Incremental Update for Graph Rewriting},
  booktitle = {Proc.~{ESOP}'17},
  year      = {2017},
  editor    = {Hongseok Yang},
  series    = {LNCS},
  volume    = {10201},
  publisher = {Springer},
}

@article{NFSim,
year = {2011},
title = {Efficient modeling, simulation and coarse-graining of biological complexity with NFsim},
author = {Sneddon, Michael W and Faeder, James R and Emonet, Thierry},
journal = {Nat. meth.},
volume = 8,
issue=2}}

@article{BNGL,
	Author = {Michael Blinov and James R. Faeder and Byron Goldstein and William S. Hlavacek},
	Journal = {Bioinformatics (Oxford, England)},
	Month = {November},
	Number = {17},
	Title = {BioNetGen: software for rule-based modeling of signal transduction based on the interactions of molecular domains.},
	Volume = {20},
	Year = {2004}}

  @inproceedings{DBLP:conf/fsttcs/DanosFFHH12,
  author    = {Vincent Danos and J{\'e}r{\^o}me Feret and Walter Fontana and Russell Harmer and Jonathan Hayman and Jean Krivine and Christopher D. Thompson-Walsh and Glynn Winskel},
  title     = {Graphs, Rewriting and Pathway Reconstruction for Rule-Based Models},
  year      = {2012},
  editor    = {Deepak D'Souza and Telikepalli Kavitha and Jaikumar Radhakrishnan},
  booktitle     = {Proc.~FSTTCS 2012},
  publisher = {Schloss Dagstuhl - Leibniz-Zentrum f{\"u}r Informatik},
  series    = {LIPIcs},
  volume    = {18},
}

@inProceedings{DanosEtAl-CONCUR07,
   author =    {V.\ Danos and J.\ Feret and W.\ Fontana and R.\ Harmer and J.\ Krivine},
   title =     {Rule-Based Modelling of Cellular Signalling, invited paper},
   editor =    {L.\ Caires and V{.}T.\ Vasconcelos},
   booktitle = {Proc.~CONCUR'07},
   address =   {Lisbon, Portugal},
   series =    {LNCS},
   volume =    {4703},
   publisher = {Springer, Berlin, Germany},
   pages =     {17--41},
   year =      {2007},
}

@Article{PNAS,
   author    = {J\'er\^ome  Feret and Vincent Danos  and   Jean Krivine and Russ Harmer  and  Walter Fontana},
   title     = {Internal coarse-graining of molecular systems},
   journal   = {Proc.~PNAS},
   year      = {2009},
   publisher = {National Academy of Sciences}}

   @InProceedings{SASB2016,
   title = "Reachability analysis via orthogonal sets of patterns. ",
   booktitle = "Proc.~SASB'16",
   series = "ENTCS",
   publisher = "elsevier",
   note = "to appear",
   author = "J{\'e}r{\^o}me Feret and Kim Quy{\^e}n L{\'y}"}

   @Article{Chaos,
   author    = {Russ Harmer and Vincent Danos and  J\'er\^ome  Feret and  Jean Krivine and  Walter Fontana},
   title     = {Intrinsic information carriers in combinatorial dynamical systems},
   journal   = {Chaos},
   volume    = {20},
   issue     = {3},
   year      = {2010},
   publisher = {AIP},
   }
